@inproceedings{ammari2015super,
  title={Super-resolution in high-contrast media},
  author={Ammari, Habib and Zhang, Hai},
  booktitle={Proc. R. Soc. A},
  volume={471},
  number={2178},
  pages={20140946},
  year={2015},
  organization={The Royal Society}
}
